@BOOK{pins,
title = {Programming in Scala second edition},
author = {Martin Odersky},
publisher = {artima},
year = {2008}
}

@MISC{x-protocol,
title = {X Window System Protocol},
author = {Robert W.Scheifler},
howpublished = {\url{http://www.x.org/docs/XProtocol/proto.pdf}}
}
